<?xml version="1.0" encoding="UTF-8"?><collection xmlns="http://www.loc.gov/MARC21/slim"><record><leader>00653nam--2200181-i-4500</leader><controlfield tag="001">000020900</controlfield><controlfield tag="002">20161230</controlfield><controlfield tag="005">20161230201033</controlfield><controlfield tag="008">060222s1000------------r-----000-0-eng-d</controlfield><datafield ind1=" " ind2=" " tag="020"><subfield code="a">0720-8715</subfield></datafield><datafield ind1=" " ind2=" " tag="040"><subfield code="a">IFIN-HH</subfield></datafield><datafield ind1=" " ind2=" " tag="080"><subfield code="a">539.143(061.3)</subfield></datafield><datafield ind1="1" ind2=" " tag="100"><subfield code="a">Feldmeier, Hans</subfield></datafield><datafield ind1="1" ind2="0" tag="245"><subfield code="a">Gross properties of nuclei and nuclear excitations</subfield><subfield code="b">Proceedings of the international workshop xv on gross properties of nuclei and nuclear excitations hirschegg, kleinwalsertal, austria, january 12-17, 1987</subfield><subfield code="c">Hans feldmeier (ed.)</subfield></datafield><datafield ind1=" " ind2=" " tag="260"><subfield code="a">Darmstadt</subfield><subfield code="b">Institut Fur Kernphysik</subfield><subfield code="c">1987</subfield></datafield><datafield ind1=" " ind2=" " tag="300"><subfield code="a">318P</subfield></datafield><datafield ind1=" " ind2=" " tag="852"><subfield code="a">72096</subfield><subfield code="c">539.14</subfield></datafield><datafield ind1=" " ind2=" " tag="CAT"><subfield code="a">Sys</subfield><subfield code="c">20120404</subfield><subfield code="h">151908</subfield></datafield></record></collection>